@INPROCEEDINGS{6616225,

  author={Gupta, Priyanka and Agrawal, Neha and Qadeer, Mohammed Abdul},

  booktitle={2013 Tenth International Conference on Wireless and Optical Communications Networks (WOCN)}, 

  title={GSM and PSTN gateway for asterisk EPBX}, 

  year={2013},

  volume={},

  number={},

  pages={1-5},

  doi={10.1109/WOCN.2013.6616225}}

@INPROCEEDINGS{6784928,

  author={Chen Maoyuan and Gu Fengqiang and Li Bo and Cui Liangliang and Ma Li},

  booktitle={IEEE Conference Anthology}, 

  title={Based on Quagga security routing and authenticated encryption integrated system}, 

  year={2013},

  volume={},

  number={},

  pages={1-5},

  doi={10.1109/ANTHOLOGY.2013.6784928}}

@INPROCEEDINGS{8572112,

  author={Kontšek, Martin and Segeč, Pavel},

  booktitle={2018 16th International Conference on Emerging eLearning Technologies and Applications (ICETA)}, 

  title={Testing of the Current Open-Source EIGRP Implementations}, 

  year={2018},

  volume={},

  number={},

  pages={291-296},

  doi={10.1109/ICETA.2018.8572112}}
